<?xml version="1.0" encoding="UTF-8"?><collection xmlns="http://www.loc.gov/MARC21/slim"><record><leader>00420nam--2200145-i-4500</leader><controlfield tag="001">000018673</controlfield><controlfield tag="002">20161230</controlfield><controlfield tag="005">20170121210705</controlfield><controlfield tag="008">060222s1000------------r-----000-0-eng-d</controlfield><datafield ind1=" " ind2=" " tag="100"><subfield code="a">Drevon, G</subfield></datafield><datafield ind1=" " ind2=" " tag="245"><subfield code="a">Etudes relatives aux enceintes de surete de rapsodie. Symposium sur la securite des reacteurs..</subfield><subfield code="b">Vienna, Mai 1962</subfield></datafield><datafield ind1=" " ind2=" " tag="300"><subfield code="a">10 p. + 2 Fig</subfield></datafield><datafield ind1=" " ind2=" " tag="700"><subfield code="a">Wustner R</subfield></datafield><datafield ind1=" " ind2=" " tag="852"><subfield code="a">1142</subfield></datafield><datafield ind1=" " ind2=" " tag="CAT"><subfield code="a">SYS</subfield><subfield code="c">20170121</subfield><subfield code="h">210705</subfield></datafield></record></collection>